@misc{ProgPara,
	author = "Steven W. McDougall",
	title = "Programming Paradigms",
	year = "1993",
	howpublished = {\url{http://world.std.com/~swmcd/steven/programming/paradigms.html}},
	note = {Accessed 11/08/2014}
 }